@book{Freeman:2004:HFD:1076324,
	author = {Freeman, Elisabeth and Freeman, Eric and Bates, Bert and Sierra, Kathy},
	title = {Head First Design Patterns},
	year = {2004},
	isbn = {0596007124},
	publisher = {O' Reilly \& Associates, Inc.},
} 

@online{website:Node.js,
	title = {Node.js Website},
	year = {2009},
	author = {Joyent, Inc},
	url = {http://nodejs.org/},
}

@online{website:NPM,
	title = {Node Package Manager (NPM) Website},
	year = {2010},
	author = {Joyent, Inc},
	url = {https://npmjs.org/},
}

@online{website:RabbitMQ,
	title = {RabbitMQ Website},
	year = {2006},
	author = {Rabbit Technologies Limited},
	url = {http://www.rabbitmq.com/},
}

@online{website:MongoDB,
	title = {MongoDB Website},
	year = {2008},
	author = {10Gen},
	url = {http://www.mongodb.org/},
}

@article{Vogels:2008:EC:1466443.1466448,
 author = {Vogels, Werner},
 title = {Eventually Consistent},
 journal = {Queue},
 issue_date = {October 2008},
 volume = {6},
 number = {6},
 month = oct,
 year = {2008},
 issn = {1542-7730},
 pages = {14--19},
 numpages = {6},
 url = {http://doi.acm.org/10.1145/1466443.1466448},
 doi = {10.1145/1466443.1466448},
 acmid = {1466448},
 publisher = {ACM},
 address = {New York, NY, USA},
} 

@article{Dean:2008:MSD:1327452.1327492,
 author = {Dean, Jeffrey and Ghemawat, Sanjay},
 title = {MapReduce: Simplified Data Processing on Large Clusters},
 journal = {Commun. ACM},
 issue_date = {January 2008},
 volume = {51},
 number = {1},
 month = jan,
 year = {2008},
 issn = {0001-0782},
 pages = {107--113},
 numpages = {7},
 url = {http://doi.acm.org/10.1145/1327452.1327492},
 doi = {10.1145/1327452.1327492},
 acmid = {1327492},
 publisher = {ACM},
 address = {New York, NY, USA},
} 

@online{website:SpagoBI,
	title = {SpagoBI Website},
	year = {2006},
	author = {Engineering Ingegneria Informatica S.p.A.},
	url = {http://www.spagobi.org/},
}
